%% This BibTeX bibliography file was created using BibDesk.
%% http://bibdesk.sourceforge.net/


%% Created for Adrian Price-Whelan at 2016-12-28 18:01:16 -0500 


%% Saved with string encoding Unicode (UTF-8) 



@article{Ford:2004,
	Adsnote = {Provided by the SAO/NASA Astrophysics Data System},
	Adsurl = {http://adsabs.harvard.edu/abs/2004PASP..116.1083F},
	Author = {{Ford}, E.~B.},
	Date-Added = {2016-12-28 22:59:55 +0000},
	Date-Modified = {2016-12-28 22:59:57 +0000},
	Doi = {10.1086/426726},
	Eprint = {astro-ph/0412341},
	Journal = {\pasp},
	Keywords = {planetary systems, Techniques: Interferometric},
	Month = dec,
	Pages = {1083-1092},
	Title = {{Choice of Observing Schedules for Astrometric Planet Searches}},
	Volume = 116,
	Year = 2004,
	Bdsk-Url-1 = {http://dx.doi.org/10.1086/426726}}

@inproceedings{Loredo:2004,
	Adsnote = {Provided by the SAO/NASA Astrophysics Data System},
	Adsurl = {http://adsabs.harvard.edu/abs/2004AIPC..707..330L},
	Author = {{Loredo}, T.~J.},
	Booktitle = {Bayesian Inference and Maximum Entropy Methods in Science and Engineering},
	Date-Added = {2016-12-28 22:59:35 +0000},
	Date-Modified = {2016-12-28 22:59:37 +0000},
	Doi = {10.1063/1.1751377},
	Editor = {{Erickson}, G.~J. and {Zhai}, Y.},
	Eprint = {astro-ph/0409386},
	Keywords = {Inference methods},
	Month = apr,
	Pages = {330-346},
	Series = {American Institute of Physics Conference Series},
	Title = {{Bayesian Adaptive Exploration}},
	Volume = 707,
	Year = 2004,
	Bdsk-Url-1 = {http://dx.doi.org/10.1063/1.1751377}}

@article{Gregory:2005,
	Adsnote = {Provided by the SAO/NASA Astrophysics Data System},
	Adsurl = {http://adsabs.harvard.edu/abs/2005ApJ...631.1198G},
	Author = {{Gregory}, P.~C.},
	Date-Added = {2016-12-28 22:56:15 +0000},
	Date-Modified = {2016-12-28 22:56:17 +0000},
	Doi = {10.1086/432594},
	Journal = {\apj},
	Keywords = {Methods: Data Analysis, Stars: Planetary Systems, Stars: Individual: Henry Draper Number: HD 73526},
	Month = oct,
	Pages = {1198-1214},
	Title = {{A Bayesian Analysis of Extrasolar Planet Data for HD 73526}},
	Volume = 631,
	Year = 2005,
	Bdsk-Url-1 = {http://dx.doi.org/10.1086/432594}}

@article{Anglada-Escude:2016,
	Adsnote = {Provided by the SAO/NASA Astrophysics Data System},
	Adsurl = {http://adsabs.harvard.edu/abs/2016Natur.536..437A},
	Archiveprefix = {arXiv},
	Author = {{Anglada-Escud{\'e}}, G. and {Amado}, P.~J. and {Barnes}, J. and {Berdi{\~n}as}, Z.~M. and {Butler}, R.~P. and {Coleman}, G.~A.~L. and {de La Cueva}, I. and {Dreizler}, S. and {Endl}, M. and {Giesers}, B. and {Jeffers}, S.~V. and {Jenkins}, J.~S. and {Jones}, H.~R.~A. and {Kiraga}, M. and {K{\"u}rster}, M. and {L{\'o}pez-Gonz{\'a}lez}, M.~J. and {Marvin}, C.~J. and {Morales}, N. and {Morin}, J. and {Nelson}, R.~P. and {Ortiz}, J.~L. and {Ofir}, A. and {Paardekooper}, S.-J. and {Reiners}, A. and {Rodr{\'{\i}}guez}, E. and {Rodr{\'{\i}}guez-L{\'o}pez}, C. and {Sarmiento}, L.~F. and {Strachan}, J.~P. and {Tsapras}, Y. and {Tuomi}, M. and {Zechmeister}, M.},
	Date-Added = {2016-10-14 14:09:29 +0000},
	Date-Modified = {2016-10-14 14:09:31 +0000},
	Doi = {10.1038/nature19106},
	Eprint = {1609.03449},
	Journal = {\nat},
	Month = aug,
	Pages = {437-440},
	Primaryclass = {astro-ph.EP},
	Title = {{A terrestrial planet candidate in a temperate orbit around Proxima Centauri}},
	Volume = 536,
	Year = 2016,
	Bdsk-Url-1 = {http://dx.doi.org/10.1038/nature19106}}

@inproceedings{Skilling:2004,
	Adsnote = {Provided by the SAO/NASA Astrophysics Data System},
	Adsurl = {http://adsabs.harvard.edu/abs/2004AIPC..735..395S},
	Author = {{Skilling}, J.},
	Booktitle = {American Institute of Physics Conference Series},
	Date-Added = {2016-10-14 14:08:27 +0000},
	Date-Modified = {2016-10-14 14:08:29 +0000},
	Doi = {10.1063/1.1835238},
	Editor = {{Fischer}, R. and {Preuss}, R. and {Toussaint}, U.~V.},
	Keywords = {Inference methods},
	Month = nov,
	Pages = {395-405},
	Series = {American Institute of Physics Conference Series},
	Title = {{Nested Sampling}},
	Volume = 735,
	Year = 2004,
	Bdsk-Url-1 = {http://dx.doi.org/10.1063/1.1835238}}

@article{Foreman-Mackey:2014,
	Adsnote = {Provided by the SAO/NASA Astrophysics Data System},
	Adsurl = {http://adsabs.harvard.edu/abs/2014ApJ...795...64F},
	Archiveprefix = {arXiv},
	Author = {{Foreman-Mackey}, D. and {Hogg}, D.~W. and {Morton}, T.~D.},
	Date-Added = {2016-10-14 14:08:05 +0000},
	Date-Modified = {2016-10-14 14:08:07 +0000},
	Doi = {10.1088/0004-637X/795/1/64},
	Eid = {64},
	Eprint = {1406.3020},
	Journal = {\apj},
	Keywords = {catalogs, methods: data analysis, methods: statistical, planetary systems, stars: statistics},
	Month = nov,
	Pages = {64},
	Primaryclass = {astro-ph.EP},
	Title = {{Exoplanet Population Inference and the Abundance of Earth Analogs from Noisy, Incomplete Catalogs}},
	Volume = 795,
	Year = 2014,
	Bdsk-Url-1 = {http://dx.doi.org/10.1088/0004-637X/795/1/64}}

@article{Brewer:2009,
	Adsnote = {Provided by the SAO/NASA Astrophysics Data System},
	Adsurl = {http://adsabs.harvard.edu/abs/2009arXiv0912.2380B},
	Archiveprefix = {arXiv},
	Author = {{Brewer}, B.~J. and {P{\'a}rtay}, L.~B. and {Cs{\'a}nyi}, G.},
	Date-Added = {2016-10-14 14:07:36 +0000},
	Date-Modified = {2016-10-14 14:07:38 +0000},
	Eprint = {0912.2380},
	Journal = {ArXiv e-prints},
	Keywords = {Statistics - Computation, Astrophysics - Instrumentation and Methods for Astrophysics, Physics - Data Analysis, Statistics and Probability},
	Month = dec,
	Primaryclass = {stat.CO},
	Title = {{Diffusive Nested Sampling}},
	Year = 2009}

@article{Brewer:2015,
	Adsnote = {Provided by the SAO/NASA Astrophysics Data System},
	Adsurl = {http://adsabs.harvard.edu/abs/2015MNRAS.448.3206B},
	Archiveprefix = {arXiv},
	Author = {{Brewer}, B.~J. and {Donovan}, C.~P.},
	Date-Added = {2016-10-14 14:07:22 +0000},
	Date-Modified = {2016-10-14 14:07:23 +0000},
	Doi = {10.1093/mnras/stv199},
	Eprint = {1501.06952},
	Journal = {\mnras},
	Keywords = {methods: data analysis, methods: statistical, techniques: radial velocities, planetary systems},
	Month = apr,
	Pages = {3206-3214},
	Primaryclass = {astro-ph.IM},
	Title = {{Fast Bayesian inference for exoplanet discovery in radial velocity data}},
	Volume = 448,
	Year = 2015,
	Bdsk-Url-1 = {http://dx.doi.org/10.1093/mnras/stv199}}

@article{Hogg:2010a,
	Adsnote = {Provided by the SAO/NASA Astrophysics Data System},
	Adsurl = {http://adsabs.harvard.edu/abs/2010arXiv1008.4686H},
	Archiveprefix = {arXiv},
	Author = {{Hogg}, D.~W. and {Bovy}, J. and {Lang}, D.},
	Date-Added = {2016-10-14 14:06:42 +0000},
	Date-Modified = {2016-10-14 14:06:44 +0000},
	Eprint = {1008.4686},
	Journal = {ArXiv e-prints},
	Keywords = {Astrophysics - Instrumentation and Methods for Astrophysics, Physics - Data Analysis, Statistics and Probability},
	Month = aug,
	Primaryclass = {astro-ph.IM},
	Title = {{Data analysis recipes: Fitting a model to data}},
	Year = 2010}

@article{Hogg:2010,
	Adsnote = {Provided by the SAO/NASA Astrophysics Data System},
	Adsurl = {http://adsabs.harvard.edu/abs/2010ApJ...725.2166H},
	Archiveprefix = {arXiv},
	Author = {{Hogg}, D.~W. and {Myers}, A.~D. and {Bovy}, J.},
	Date-Added = {2016-10-14 14:06:33 +0000},
	Date-Modified = {2016-10-14 14:06:35 +0000},
	Doi = {10.1088/0004-637X/725/2/2166},
	Eprint = {1008.4146},
	Journal = {\apj},
	Keywords = {binaries: general, methods: data analysis, methods: statistical, planetary systems, planets and satellites: fundamental parameters, stars: kinematics and dynamics},
	Month = dec,
	Pages = {2166-2175},
	Primaryclass = {astro-ph.SR},
	Title = {{Inferring the Eccentricity Distribution}},
	Volume = 725,
	Year = 2010,
	Bdsk-Url-1 = {http://dx.doi.org/10.1088/0004-637X/725/2/2166}}

@article{De-Lee:2013,
	Adsnote = {Provided by the SAO/NASA Astrophysics Data System},
	Adsurl = {http://adsabs.harvard.edu/abs/2013AJ....145..155D},
	Archiveprefix = {arXiv},
	Author = {{De Lee}, N. and {Ge}, J. and {Crepp}, J.~R. and {Eastman}, J. and {Esposito}, M. and {Femen{\'{\i}}a}, B. and {Fleming}, S.~W. and {Gaudi}, B.~S. and {Ghezzi}, L. and {Gonz{\'a}lez Hern{\'a}ndez}, J.~I. and {Lee}, B.~L. and {Stassun}, K.~G. and {Wisniewski}, J.~P. and {Wood-Vasey}, W.~M. and {Agol}, E. and {Allende Prieto}, C. and {Barnes}, R. and {Bizyaev}, D. and {Cargile}, P. and {Chang}, L. and {Da Costa}, L.~N. and {Porto De Mello}, G.~F. and {Ferreira}, L.~D. and {Gary}, B. and {Hebb}, L. and {Holtzman}, J. and {Liu}, J. and {Ma}, B. and {Mack}, III, C.~E. and {Mahadevan}, S. and {Maia}, M.~A.~G. and {Nguyen}, D.~C. and {Oravetz}, A. and {Oravetz}, D.~J. and {Paegert}, M. and {Pan}, K. and {Pepper}, J. and {Malanushenko}, E. and {Malanushenko}, V. and {Rebolo}, R. and {Santiago}, B.~X. and {Schneider}, D.~P. and {Shelden Bradley}, A.~C. and {Wan}, X. and {Wang}, J. and {Zhao}, B.},
	Date-Added = {2016-10-14 14:01:34 +0000},
	Date-Modified = {2016-10-14 14:01:40 +0000},
	Doi = {10.1088/0004-6256/145/6/155},
	Eid = {155},
	Eprint = {1304.2815},
	Journal = {\aj},
	Keywords = {brown dwarfs, stars: individual: GSC 03546-01452},
	Month = jun,
	Pages = {155},
	Primaryclass = {astro-ph.EP},
	Title = {{Very Low Mass Stellar and Substellar Companions to Solar-like Stars from MARVELS. V. A Low Eccentricity Brown Dwarf from the Driest Part of the Desert, MARVELS-6b}},
	Volume = 145,
	Year = 2013,
	Bdsk-Url-1 = {http://dx.doi.org/10.1088/0004-6256/145/6/155}}

@article{Foreman-Mackey:2013,
	Adsnote = {Provided by the SAO/NASA Astrophysics Data System},
	Adsurl = {http://adsabs.harvard.edu/abs/2013PASP..125..306F},
	Archiveprefix = {arXiv},
	Author = {{Foreman-Mackey}, D. and {Hogg}, D.~W. and {Lang}, D. and {Goodman}, J.},
	Date-Added = {2016-09-09 01:37:58 +0000},
	Date-Modified = {2016-09-09 01:38:30 +0000},
	Doi = {10.1086/670067},
	Eprint = {1202.3665},
	Journal = {\pasp},
	Month = mar,
	Pages = {306-312},
	Primaryclass = {astro-ph.IM},
	Title = {{emcee: The MCMC Hammer}},
	Volume = 125,
	Year = 2013,
	Bdsk-Url-1 = {http://dx.doi.org/10.1086/670067}}

@misc{Foreman-Mackey:2013ascl,
	Adsnote = {Provided by the SAO/NASA Astrophysics Data System},
	Adsurl = {http://adsabs.harvard.edu/abs/2013ascl.soft03002F},
	Archiveprefix = {ascl},
	Author = {{Foreman-Mackey}, D. and {Conley}, A. and {Meierjurgen Farr}, W. and {Hogg}, D.~W. and {Long}, D. and {Marshall}, P. and {Price-Whelan}, A. and {Sanders}, J. and {Zuntz}, J.},
	Date-Added = {2016-09-09 01:37:34 +0000},
	Date-Modified = {2016-09-09 01:38:21 +0000},
	Eprint = {1303.002},
	Howpublished = {Astrophysics Source Code Library},
	Keywords = {Software},
	Month = mar,
	Title = {{emcee: The MCMC Hammer}},
	Year = 2013}

@article{Hunter:2007,
	Abstract = {Matplotlib is a 2D graphics package used for Python
  for application development, interactive scripting, and
  publication-quality image generation across user
  interfaces and operating systems.},
	Author = {Hunter, J. D.},
	Date-Added = {2016-09-09 01:36:14 +0000},
	Date-Modified = {2016-09-09 01:36:14 +0000},
	Journal = {Computing In Science \& Engineering},
	Number = {3},
	Pages = {90--95},
	Publisher = {IEEE COMPUTER SOC},
	Title = {Matplotlib: A 2D graphics environment},
	Volume = {9},
	Year = 2007}

@article{Perez:2007,
	Author = {P\'erez, Fernando and Granger, Brian E.},
	Date-Added = {2016-09-09 01:35:47 +0000},
	Date-Modified = {2016-09-09 01:35:52 +0000},
	Doi = {10.1109/MCSE.2007.53},
	Issn = {1521-9615},
	Journal = {Computing in Science and Engineering},
	Month = may,
	Number = {3},
	Pages = {21--29},
	Publisher = {IEEE Computer Society},
	Title = {{IP}ython: a System for Interactive Scientific Computing},
	Url = {http://ipython.org},
	Volume = {9},
	Year = 2007,
	Bdsk-Url-1 = {http://ipython.org},
	Bdsk-Url-2 = {http://dx.doi.org/10.1109/MCSE.2007.53}}

@article{Astropy-Collaboration:2013,
	Adsnote = {Provided by the SAO/NASA Astrophysics Data System},
	Adsurl = {http://adsabs.harvard.edu/abs/2013A%26A...558A..33A},
	Archiveprefix = {arXiv},
	Author = {{Astropy Collaboration} and {Robitaille}, T.~P. and {Tollerud}, E.~J. and {Greenfield}, P. and {Droettboom}, M. and {Bray}, E. and {Aldcroft}, T. and {Davis}, M. and {Ginsburg}, A. and {Price-Whelan}, A.~M. and {Kerzendorf}, W.~E. and {Conley}, A. and {Crighton}, N. and {Barbary}, K. and {Muna}, D. and {Ferguson}, H. and {Grollier}, F. and {Parikh}, M.~M. and {Nair}, P.~H. and {Unther}, H.~M. and {Deil}, C. and {Woillez}, J. and {Conseil}, S. and {Kramer}, R. and {Turner}, J.~E.~H. and {Singer}, L. and {Fox}, R. and {Weaver}, B.~A. and {Zabalza}, V. and {Edwards}, Z.~I. and {Azalee Bostroem}, K. and {Burke}, D.~J. and {Casey}, A.~R. and {Crawford}, S.~M. and {Dencheva}, N. and {Ely}, J. and {Jenness}, T. and {Labrie}, K. and {Lim}, P.~L. and {Pierfederici}, F. and {Pontzen}, A. and {Ptak}, A. and {Refsdal}, B. and {Servillat}, M. and {Streicher}, O.},
	Date-Added = {2016-09-09 01:34:49 +0000},
	Date-Modified = {2016-09-09 01:34:49 +0000},
	Doi = {10.1051/0004-6361/201322068},
	Eid = {A33},
	Eprint = {1307.6212},
	Journal = {\aap},
	Keywords = {methods: data analysis, methods: miscellaneous, virtual observatory tools},
	Month = oct,
	Pages = {A33},
	Primaryclass = {astro-ph.IM},
	Title = {{Astropy: A community Python package for astronomy}},
	Volume = 558,
	Year = 2013,
	Bdsk-Url-1 = {http://dx.doi.org/10.1051/0004-6361/201322068}}

@article{Nidever:2015,
	Adsnote = {Provided by the SAO/NASA Astrophysics Data System},
	Adsurl = {http://adsabs.harvard.edu/abs/2015AJ....150..173N},
	Archiveprefix = {arXiv},
	Author = {{Nidever}, D.~L. and {Holtzman}, J.~A. and {Allende Prieto}, C. and {Beland}, S. and {Bender}, C. and {Bizyaev}, D. and {Burton}, A. and {Desphande}, R. and {Fleming}, S.~W. and {Garc{\'{\i}}a P{\'e}rez}, A.~E. and {Hearty}, F.~R. and {Majewski}, S.~R. and {M{\'e}sz{\'a}ros}, S. and {Muna}, D. and {Nguyen}, D. and {Schiavon}, R.~P. and {Shetrone}, M. and {Skrutskie}, M.~F. and {Sobeck}, J.~S. and {Wilson}, J.~C.},
	Date-Added = {2016-09-08 23:58:02 +0000},
	Date-Modified = {2016-09-08 23:58:06 +0000},
	Doi = {10.1088/0004-6256/150/6/173},
	Eid = {173},
	Eprint = {1501.03742},
	Journal = {\aj},
	Keywords = {galaxies: abundances, galaxies: halos, galaxies: kinematics and dynamics, Local Group, methods: data analysis, techniques: image processing},
	Month = dec,
	Pages = {173},
	Primaryclass = {astro-ph.IM},
	Title = {{The Data Reduction Pipeline for the Apache Point Observatory Galactic Evolution Experiment}},
	Volume = 150,
	Year = 2015,
	Bdsk-Url-1 = {http://dx.doi.org/10.1088/0004-6256/150/6/173}}

@article{SDSS-Collaboration:2016,
	Adsnote = {Provided by the SAO/NASA Astrophysics Data System},
	Adsurl = {http://adsabs.harvard.edu/abs/2016arXiv160802013S},
	Archiveprefix = {arXiv},
	Author = {{SDSS Collaboration} and {Albareti}, F.~D. and {Allende Prieto}, C. and {Almeida}, A. and {Anders}, F. and {Anderson}, S. and {Andrews}, B.~H. and {Aragon-Salamanca}, A. and {Argudo-Fernandez}, M. and {Armengaud}, E. and et al.},
	Date-Added = {2016-09-08 23:49:27 +0000},
	Date-Modified = {2016-09-08 23:49:34 +0000},
	Eprint = {1608.02013},
	Journal = {ArXiv e-prints},
	Keywords = {Astrophysics - Astrophysics of Galaxies},
	Month = aug,
	Title = {{The Thirteenth Data Release of the Sloan Digital Sky Survey: First Spectroscopic Data from the SDSS-IV Survey MApping Nearby Galaxies at Apache Point Observatory}},
	Year = 2016}

@article{Van-der-Walt:2011,
	Author = {{Van der Walt}, {Stefan} and Colbert, S. Chris and Varoquaux, Gael},
	Date-Added = {2016-09-08 15:26:29 +0000},
	Date-Modified = {2016-09-09 01:32:29 +0000},
	Doi = {http://dx.doi.org/10.1109/MCSE.2011.37},
	Journal = {{Computing in Science \& Engineering}},
	Number = {2},
	Pages = {22-30},
	Title = {The NumPy Array: A Structure for Efficient Numerical Computation},
	Url = {http://scitation.aip.org/content/aip/journal/cise/13/2/10.1109/MCSE.2011.37},
	Volume = {13},
	Year = {2011},
	Bdsk-Url-1 = {http://scitation.aip.org/content/aip/journal/cise/13/2/10.1109/MCSE.2011.37},
	Bdsk-Url-2 = {http://dx.doi.org/10.1109/MCSE.2011.37}}

@article{Towns:2014,
	Address = {Los Alamitos, CA, USA},
	Author = {John Towns and Timothy Cockerill and Maytal Dahan and Ian Foster and Kelly Gaither and Andrew Grimshaw and Victor Hazlewood and Scott Lathrop and Dave Lifka and Gregory D. Peterson and Ralph Roskies and J. Ray Scott and Nancy Wilkens-Diehr},
	Date-Added = {2016-09-08 15:23:04 +0000},
	Date-Modified = {2016-09-08 15:23:04 +0000},
	Doi = {http://doi.ieeecomputersociety.org/10.1109/MCSE.2014.80},
	Issn = {1521-9615},
	Journal = {Computing in Science and Engineering},
	Number = {5},
	Pages = {62-74},
	Publisher = {IEEE Computer Society},
	Title = {XSEDE: Accelerating Scientific Discovery},
	Volume = {16},
	Year = {2014},
	Bdsk-Url-1 = {http://doi.ieeecomputersociety.org/10.1109/MCSE.2014.80}}

@inbook{Murray:2010,
	Adsnote = {Provided by the SAO/NASA Astrophysics Data System},
	Adsurl = {http://adsabs.harvard.edu/abs/2010exop.book...15M},
	Author = {{Murray}, C.~D. and {Correia}, A.~C.~M.},
	Booktitle = {Exoplanets},
	Date-Added = {2016-09-04 18:46:39 +0000},
	Date-Modified = {2016-09-04 18:51:56 +0000},
	Editor = {{Seager}, S.},
	Month = dec,
	Pages = {15-23},
	Title = {{Keplerian Orbits and Dynamics of Exoplanets}},
	Year = 2010}

@article{Troup:2016,
	Adsnote = {Provided by the SAO/NASA Astrophysics Data System},
	Adsurl = {http://adsabs.harvard.edu/abs/2016AJ....151...85T},
	Archiveprefix = {arXiv},
	Author = {{Troup}, N.~W. and {Nidever}, D.~L. and {De Lee}, N. and {Carlberg}, J. and {Majewski}, S.~R. and {Fernandez}, M. and {Covey}, K. and {Chojnowski}, S.~D. and {Pepper}, J. and {Nguyen}, D.~T. and {Stassun}, K. and {Nguyen}, D.~C. and {Wisniewski}, J.~P. and {Fleming}, S.~W. and {Bizyaev}, D. and {Frinchaboy}, P.~M. and {Garc{\'{\i}}a-Hern{\'a}ndez}, D.~A. and {Ge}, J. and {Hearty}, F. and {Meszaros}, S. and {Pan}, K. and {Allende Prieto}, C. and {Schneider}, D.~P. and {Shetrone}, M.~D. and {Skrutskie}, M.~F. and {Wilson}, J. and {Zamora}, O.},
	Date-Added = {2016-09-04 18:45:53 +0000},
	Date-Modified = {2016-09-04 18:51:56 +0000},
	Doi = {10.3847/0004-6256/151/3/85},
	Eid = {85},
	Eprint = {1601.00688},
	Journal = {\aj},
	Keywords = {binaries: close, binaries: spectroscopic, brown dwarfs, Galaxy: stellar content, planetary systems},
	Month = mar,
	Pages = {85},
	Primaryclass = {astro-ph.SR},
	Title = {{Companions to APOGEE Stars. I. A Milky Way-spanning Catalog of Stellar and Substellar Companion Candidates and Their Diverse Hosts}},
	Volume = 151,
	Year = 2016,
	Bdsk-Url-1 = {http://dx.doi.org/10.3847/0004-6256/151/3/85}}

@article{Majewski:2015,
	Adsnote = {Provided by the SAO/NASA Astrophysics Data System},
	Adsurl = {http://adsabs.harvard.edu/abs/2015arXiv150905420M},
	Archiveprefix = {arXiv},
	Author = {{Majewski}, S.~R. and {Schiavon}, R.~P. and {Frinchaboy}, P.~M. and {Allende Prieto}, C. and {Barkhouser}, R. and {Bizyaev}, D. and {Blank}, B. and {Brunner}, S. and {Burton}, A. and {Carrera}, R. and {Chojnowski}, S.~D. and {Cunha}, K. and {Epstein}, C. and {Fitzgerald}, G. and {Garcia Perez}, A.~E. and {Hearty}, F.~R. and {Henderson}, C. and {Holtzman}, J.~A. and {Johnson}, J.~A. and {Lam}, C.~R. and {Lawler}, J.~E. and {Maseman}, P. and {Meszaros}, S. and {Nelson}, M. and {Coung Nguyen}, D. and {Nidever}, D.~L. and {Pinsonneault}, M. and {Shetrone}, M. and {Smee}, S. and {Smith}, V.~V. and {Stolberg}, T. and {Skrutskie}, M.~F. and {Walker}, E. and {Wilson}, J.~C. and {Zasowski}, G. and {Anders}, F. and {Basu}, S. and {Beland}, S. and {Blanton}, M.~R. and {Bovy}, J. and {Brownstein}, J.~R. and {Carlberg}, J. and {Chaplin}, W. and {Chiappini}, C. and {Eisenstein}, D.~J. and {Elsworth}, Y. and {Feuillet}, D. and {Fleming}, S.~W. and {Galbraith-Frew}, J. and {Garcia}, R.~A. and {Anibal Garcia-Hernandez}, D. and {Gillespie}, B.~A. and {Girardi}, L. and {Gunn}, J.~E. and {Hasselquist}, S. and {Hayden}, M.~R. and {Hekker}, S. and {Ivans}, I. and {Kinemuchi}, K. and {Klaene}, M. and {Mahadevan}, S. and {Mathur}, S. and {Mosser}, B. and {Muna}, D. and {Munn}, J.~A. and {Nichol}, R.~C. and {O'Connell}, R.~W. and {Robin}, A.~C. and {Rocha-Pinto}, H. and {Schultheis}, M. and {Serenelli}, A.~M. and {Shane}, N. and {Silva Aguirre}, V. and {Sobeck}, J.~S. and {Thompson}, B. and {Troup}, N.~W. and {Weinberg}, D.~H. and {Zamora}, O.},
	Date-Added = {2016-09-04 18:45:32 +0000},
	Date-Modified = {2016-09-04 18:51:56 +0000},
	Eprint = {1509.05420},
	Journal = {ArXiv e-prints},
	Keywords = {Astrophysics - Instrumentation and Methods for Astrophysics, Astrophysics - Astrophysics of Galaxies},
	Month = sep,
	Primaryclass = {astro-ph.IM},
	Title = {{The Apache Point Observatory Galactic Evolution Experiment (APOGEE)}},
	Year = 2015}

@article{Kipping:2013,
	Adsnote = {Provided by the SAO/NASA Astrophysics Data System},
	Adsurl = {http://adsabs.harvard.edu/abs/2013MNRAS.434L..51K},
	Archiveprefix = {arXiv},
	Author = {{Kipping}, D.~M.},
	Date-Added = {2016-09-04 18:45:03 +0000},
	Date-Modified = {2016-09-04 18:51:56 +0000},
	Doi = {10.1093/mnrasl/slt075},
	Eprint = {1306.4982},
	Journal = {\mnras},
	Keywords = {methods: statistical, planets and satellites: general},
	Month = jul,
	Pages = {L51-L55},
	Primaryclass = {astro-ph.EP},
	Title = {{Parametrizing the exoplanet eccentricity distribution with the Beta distribution}},
	Volume = 434,
	Year = 2013,
	Bdsk-Url-1 = {http://dx.doi.org/10.1093/mnrasl/slt075}}

@article{Holtzman:2015,
	Adsnote = {Provided by the SAO/NASA Astrophysics Data System},
	Adsurl = {http://adsabs.harvard.edu/abs/2015AJ....150..148H},
	Archiveprefix = {arXiv},
	Author = {{Holtzman}, J.~A. and {Shetrone}, M. and {Johnson}, J.~A. and {Allende Prieto}, C. and {Anders}, F. and {Andrews}, B. and {Beers}, T.~C. and {Bizyaev}, D. and {Blanton}, M.~R. and {Bovy}, J. and {Carrera}, R. and {Chojnowski}, S.~D. and {Cunha}, K. and {Eisenstein}, D.~J. and {Feuillet}, D. and {Frinchaboy}, P.~M. and {Galbraith-Frew}, J. and {Garc{\'{\i}}a P{\'e}rez}, A.~E. and {Garc{\'{\i}}a-Hern{\'a}ndez}, D.~A. and {Hasselquist}, S. and {Hayden}, M.~R. and {Hearty}, F.~R. and {Ivans}, I. and {Majewski}, S.~R. and {Martell}, S. and {Meszaros}, S. and {Muna}, D. and {Nidever}, D. and {Nguyen}, D.~C. and {O'Connell}, R.~W. and {Pan}, K. and {Pinsonneault}, M. and {Robin}, A.~C. and {Schiavon}, R.~P. and {Shane}, N. and {Sobeck}, J. and {Smith}, V.~V. and {Troup}, N. and {Weinberg}, D.~H. and {Wilson}, J.~C. and {Wood-Vasey}, W.~M. and {Zamora}, O. and {Zasowski}, G.},
	Date-Added = {2016-09-04 18:44:13 +0000},
	Date-Modified = {2016-09-04 18:51:56 +0000},
	Doi = {10.1088/0004-6256/150/5/148},
	Eid = {148},
	Eprint = {1501.04110},
	Journal = {\aj},
	Keywords = {astronomical databases: miscellaneous, Galaxy: abundances, stars: abundances, surveys},
	Month = nov,
	Pages = {148},
	Title = {{Abundances, Stellar Parameters, and Spectra from the SDSS-III/APOGEE Survey}},
	Volume = 150,
	Year = 2015,
	Bdsk-Url-1 = {http://dx.doi.org/10.1088/0004-6256/150/5/148}}

@article{Eisenstein:2011,
	Adsnote = {Provided by the SAO/NASA Astrophysics Data System},
	Adsurl = {http://adsabs.harvard.edu/abs/2011AJ....142...72E},
	Archiveprefix = {arXiv},
	Author = {{Eisenstein}, D.~J. and {Weinberg}, D.~H. and {Agol}, E. and {Aihara}, H. and {Allende Prieto}, C. and {Anderson}, S.~F. and {Arns}, J.~A. and {Aubourg}, {\'E}. and {Bailey}, S. and {Balbinot}, E. and et al.},
	Date-Added = {2016-09-04 18:43:46 +0000},
	Date-Modified = {2016-09-04 18:51:56 +0000},
	Doi = {10.1088/0004-6256/142/3/72},
	Eid = {72},
	Eprint = {1101.1529},
	Journal = {\aj},
	Keywords = {cosmology: observations, Galaxy: evolution, planets and satellites: detection, surveys},
	Month = sep,
	Pages = {72},
	Primaryclass = {astro-ph.IM},
	Title = {{SDSS-III: Massive Spectroscopic Surveys of the Distant Universe, the Milky Way, and Extra-Solar Planetary Systems}},
	Volume = 142,
	Year = 2011,
	Bdsk-Url-1 = {http://dx.doi.org/10.1088/0004-6256/142/3/72}}

@article{Alam:2015,
	Adsnote = {Provided by the SAO/NASA Astrophysics Data System},
	Adsurl = {http://adsabs.harvard.edu/abs/2015ApJS..219...12A},
	Archiveprefix = {arXiv},
	Author = {{Alam}, S. and {Albareti}, F.~D. and {Allende Prieto}, C. and {Anders}, F. and {Anderson}, S.~F. and {Anderton}, T. and {Andrews}, B.~H. and {Armengaud}, E. and {Aubourg}, {\'E}. and {Bailey}, S. and et al.},
	Date-Added = {2016-09-04 18:43:15 +0000},
	Date-Modified = {2016-09-04 18:51:56 +0000},
	Doi = {10.1088/0067-0049/219/1/12},
	Eid = {12},
	Eprint = {1501.00963},
	Journal = {\apjs},
	Keywords = {atlases, catalogs, surveys},
	Month = jul,
	Pages = {12},
	Primaryclass = {astro-ph.IM},
	Title = {{The Eleventh and Twelfth Data Releases of the Sloan Digital Sky Survey: Final Data from SDSS-III}},
	Volume = 219,
	Year = 2015,
	Bdsk-Url-1 = {http://dx.doi.org/10.1088/0067-0049/219/1/12}}

@book{Kepler:1609,
	Adsnote = {Provided by the SAO/NASA Astrophysics Data System},
	Adsurl = {http://adsabs.harvard.edu/abs/1609anov.book.....K},
	Author = {{Kepler}, J.},
	Booktitle = {(Pragae) 1609},
	Date-Added = {2016-09-04 18:42:02 +0000},
	Date-Modified = {2016-09-04 18:51:56 +0000},
	Keywords = {ASTRONOMY: EARLY WORKS TO 1800},
	Title = {{Astronomia nova.}},
	Year = 1609}

@article{Ford:2008,
	Adsnote = {Provided by the SAO/NASA Astrophysics Data System},
	Adsurl = {http://adsabs.harvard.edu/abs/2008AJ....135.1008F},
	Author = {{Ford}, E.~B.},
	Doi = {10.1088/0004-6256/135/3/1008},
	Eprint = {astro-ph/0412703},
	Journal = {\aj},
	Keywords = {methods: statistical, planetary systems, techniques: radial velocities},
	Month = mar,
	Pages = {1008-1020},
	Title = {{Adaptive Scheduling Algorithms for Planet Searches}},
	Volume = 135,
	Year = 2008,
	Bdsk-Url-1 = {http://dx.doi.org/10.1088/0004-6256/135/3/1008}}

@article{Duchene:2013,
	Adsnote = {Provided by the SAO/NASA Astrophysics Data System},
	Adsurl = {http://adsabs.harvard.edu/abs/2013ARAA..51..269D},
	Archiveprefix = {arXiv},
	Author = {{Duch{\^e}ne}, G. and {Kraus}, A.},
	Doi = {10.1146/annurev-astro-081710-102602},
	Eprint = {1303.3028},
	Journal = {\araa},
	Month = aug,
	Pages = {269-310},
	Primaryclass = {astro-ph.SR},
	Title = {{Stellar Multiplicity}},
	Volume = 51,
	Year = 2013,
	Bdsk-Url-1 = {http://dx.doi.org/10.1146/annurev-astro-081710-102602}}

@article{Raghavan:2010,
	Adsnote = {Provided by the SAO/NASA Astrophysics Data System},
	Adsurl = {http://adsabs.harvard.edu/abs/2010ApJS..190....1R},
	Archiveprefix = {arXiv},
	Author = {{Raghavan}, D. and {McAlister}, H.~A. and {Henry}, T.~J. and {Latham}, D.~W. and {Marcy}, G.~W. and {Mason}, B.~D. and {Gies}, D.~R. and {White}, R.~J. and {ten Brummelaar}, T.~A.},
	Doi = {10.1088/0067-0049/190/1/1},
	Eprint = {1007.0414},
	Journal = {\apjs},
	Keywords = {binaries: general, planetary systems, stars: solar-type, stars: statistics, surveys},
	Month = sep,
	Pages = {1-42},
	Primaryclass = {astro-ph.SR},
	Title = {{A Survey of Stellar Families: Multiplicity of Solar-type Stars}},
	Volume = 190,
	Year = 2010,
	Bdsk-Url-1 = {http://dx.doi.org/10.1088/0067-0049/190/1/1}}

@article{Udry:2007,
	Adsnote = {Provided by the SAO/NASA Astrophysics Data System},
	Adsurl = {http://adsabs.harvard.edu/abs/2007ARAA..45..397U},
	Author = {{Udry}, S. and {Santos}, N.~C.},
	Doi = {10.1146/annurev.astro.45.051806.110529},
	Journal = {\araa},
	Month = sep,
	Pages = {397-439},
	Title = {{Statistical Properties of Exoplanets}},
	Volume = 45,
	Year = 2007,
	Bdsk-Url-1 = {http://dx.doi.org/10.1146/annurev.astro.45.051806.110529}}

@article{Tokovinin:2014,
	Adsnote = {Provided by the SAO/NASA Astrophysics Data System},
	Adsurl = {http://adsabs.harvard.edu/abs/2014AJ....147...86T},
	Archiveprefix = {arXiv},
	Author = {{Tokovinin}, A.},
	Doi = {10.1088/0004-6256/147/4/86},
	Eid = {86},
	Eprint = {1401.6825},
	Journal = {\aj},
	Keywords = {binaries: general, stars: solar-type, stars: statistics},
	Month = apr,
	Pages = {86},
	Primaryclass = {astro-ph.SR},
	Title = {{From Binaries to Multiples. I. Data on F and G Dwarfs within 67 pc of the Sun}},
	Volume = 147,
	Year = 2014,
	Bdsk-Url-1 = {http://dx.doi.org/10.1088/0004-6256/147/4/86}}

@article{VonNeumann:1951,
	Author = {von Neumann, John},
	Citeulike-Article-Id = {10404544},
	Journal = {J. Res. Nat. Bur. Stand.},
	Keywords = {random-numbers},
	Pages = {36--38},
	Posted-At = {2012-03-02 12:00:23},
	Priority = {2},
	Title = {{Various Techniques Used in Connection with Random Digits}},
	Volume = {12},
	Year = {1951}}
